<record><leader>00000cas a22000007a 4500</leader><controlfield tag="001">33141357</controlfield><controlfield tag="008">950915d197119uunyuwn ne      0   a0eng d</controlfield><datafield ind1=" " ind2=" " tag="010"><subfield code="a">sn 95071399 </subfield></datafield><datafield ind1=" " ind2=" " tag="040"><subfield code="a">NYS</subfield><subfield code="b">eng</subfield><subfield code="c">NYS</subfield><subfield code="d">OCLCQ</subfield><subfield code="d">OCLCF</subfield><subfield code="d">OCLCO</subfield></datafield><datafield ind1="1" ind2=" " tag="029"><subfield code="a">AU@</subfield><subfield code="b">000025899404</subfield></datafield><datafield ind1=" " ind2=" " tag="042"><subfield code="a">msc</subfield></datafield><datafield ind1=" " ind2=" " tag="043"><subfield code="a">n-us-ny</subfield></datafield><datafield ind1="0" ind2="0" tag="245"><subfield code="a">Fire Island beach bulletin.</subfield></datafield><datafield ind1="1" ind2="7" tag="246"><subfield code="a">Fire Island bulletin</subfield></datafield><datafield ind1=" " ind2=" " tag="260"><subfield code="a">[Sayville, N.Y. :</subfield><subfield code="b">Suffolk County news]</subfield></datafield><datafield ind1=" " ind2=" " tag="300"><subfield code="a">v.</subfield></datafield><datafield ind1=" " ind2=" " tag="310"><subfield code="a">Weekly (during summer months)</subfield></datafield><datafield ind1="0" ind2=" " tag="362"><subfield code="a">Vol. 1, no. 1 (Sept. 2, 1971)-</subfield></datafield><datafield ind1=" " ind2=" " tag="580"><subfield code="a">Published as an insert to the Islip bulletin during summer months.</subfield></datafield><datafield ind1=" " ind2="0" tag="651"><subfield code="a">Sayville (N.Y.)</subfield><subfield code="v">Newspapers.</subfield></datafield><datafield ind1=" " ind2="0" tag="651"><subfield code="a">Ocean Beach (N.Y.)</subfield><subfield code="v">Newspapers.</subfield></datafield><datafield ind1=" " ind2="0" tag="651"><subfield code="a">Suffolk County (N.Y.)</subfield><subfield code="v">Newspapers.</subfield></datafield><datafield ind1=" " ind2="4" tag="651"><subfield code="a">Fire Island (N.Y.)</subfield><subfield code="v">Newspapers.</subfield></datafield><datafield ind1=" " ind2="7" tag="655"><subfield code="a">Newspapers.</subfield><subfield code="2">fast</subfield><subfield code="0">(OCoLC)fst01423814</subfield></datafield><datafield ind1=" " ind2="7" tag="651"><subfield code="a">New York (State)</subfield><subfield code="z">Ocean Beach.</subfield><subfield code="2">fast</subfield><subfield code="0">(OCoLC)fst01231969</subfield></datafield><datafield ind1=" " ind2="7" tag="651"><subfield code="a">New York (State)</subfield><subfield code="z">Sayville.</subfield><subfield code="2">fast</subfield><subfield code="0">(OCoLC)fst01225035</subfield></datafield><datafield ind1=" " ind2="7" tag="651"><subfield code="a">New York (State)</subfield><subfield code="z">Suffolk County.</subfield><subfield code="2">fast</subfield><subfield code="0">(OCoLC)fst01207260</subfield></datafield><datafield ind1=" " ind2=" " tag="752"><subfield code="a">United States</subfield><subfield code="b">New York</subfield><subfield code="c">Suffolk</subfield><subfield code="d">Sayville.</subfield></datafield><datafield ind1="1" ind2=" " tag="777"><subfield code="t">Islip bulletin</subfield><subfield code="w">(DLC)sn 95071007</subfield><subfield code="w">(OCoLC)31633355</subfield></datafield></record>